[gd_scene load_steps=13 format=2]

[ext_resource path="res://assets/menu/pause_menu/book_count/pause_book_animated.tres" type="Texture" id=1]
[ext_resource path="res://assets/menu/pause_menu/settings/UpDefault.png" type="Texture" id=2]
[ext_resource path="res://assets/menu/pause_menu/settings/DownHover.png" type="Texture" id=3]
[ext_resource path="res://assets/menu/pause_menu/pause_menu.gd" type="Script" id=4]
[ext_resource path="res://assets/fonts/RUBBBB__.TTF" type="DynamicFontData" id=5]
[ext_resource path="res://assets/menu/pause_menu/settings/DownDefault.png" type="Texture" id=6]
[ext_resource path="res://assets/menu/pause_menu/settings/UpHover.png" type="Texture" id=7]

[sub_resource type="DynamicFont" id=1]
size = 63
font_data = ExtResource( 5 )

[sub_resource type="StyleBoxFlat" id=2]
bg_color = Color( 0.803922, 0.827451, 0.380392, 1 )
corner_radius_top_left = 15
corner_radius_top_right = 15
corner_radius_bottom_right = 15
corner_radius_bottom_left = 15
shadow_color = Color( 0.105882, 0.109804, 0.0941176, 0.6 )

[sub_resource type="StyleBoxEmpty" id=3]

[sub_resource type="DynamicFont" id=4]
size = 60
font_data = ExtResource( 5 )

[sub_resource type="DynamicFont" id=5]
size = 60
font_data = ExtResource( 5 )

[node name="PauseMenu" type="CanvasLayer"]
pause_mode = 2
layer = 2

[node name="Control" type="Control" parent="."]
anchor_right = 1.0
anchor_bottom = 1.0
script = ExtResource( 4 )
__meta__ = {
"_edit_use_anchors_": false
}

[node name="ColorRect" type="ColorRect" parent="Control"]
anchor_right = 1.0
anchor_bottom = 1.0
color = Color( 1, 1, 1, 0.709804 )
__meta__ = {
"_edit_use_anchors_": false
}

[node name="VBoxContainer" type="VBoxContainer" parent="Control/ColorRect"]
anchor_right = 1.0
anchor_bottom = 1.0
__meta__ = {
"_edit_use_anchors_": false
}

[node name="HBoxContainer" type="HBoxContainer" parent="Control/ColorRect/VBoxContainer"]
margin_right = 1024.0
margin_bottom = 128.0
alignment = 2

[node name="BookCountLabel" type="Label" parent="Control/ColorRect/VBoxContainer/HBoxContainer"]
margin_left = 787.0
margin_top = 31.0
margin_right = 892.0
margin_bottom = 96.0
custom_fonts/font = SubResource( 1 )
custom_colors/font_color = Color( 0.470588, 0.0156863, 0.133333, 1 )
text = "4/4"
align = 2

[node name="TextureRect" type="TextureRect" parent="Control/ColorRect/VBoxContainer/HBoxContainer"]
margin_left = 896.0
margin_right = 1024.0
margin_bottom = 128.0
texture = ExtResource( 1 )
stretch_mode = 3

[node name="CenterContainer" type="CenterContainer" parent="Control/ColorRect/VBoxContainer"]
margin_top = 132.0
margin_right = 1024.0
margin_bottom = 600.0
size_flags_vertical = 3
__meta__ = {
"_edit_use_anchors_": false
}

[node name="MainContainer" type="VBoxContainer" parent="Control/ColorRect/VBoxContainer/CenterContainer"]
margin_left = 351.0
margin_top = 111.0
margin_right = 672.0
margin_bottom = 357.0
custom_constants/separation = 30

[node name="Resume" type="Button" parent="Control/ColorRect/VBoxContainer/CenterContainer/MainContainer"]
margin_right = 321.0
margin_bottom = 62.0
mouse_filter = 1
custom_styles/hover = SubResource( 2 )
custom_styles/normal = SubResource( 3 )
custom_fonts/font = SubResource( 4 )
custom_colors/font_color = Color( 0.470588, 0.0156863, 0.133333, 1 )
custom_colors/font_color_hover = Color( 0.235294, 0.0588235, 0.00784314, 1 )
shortcut_in_tooltip = false
action_mode = 0
text = "Resume"
flat = true

[node name="Settings" type="Button" parent="Control/ColorRect/VBoxContainer/CenterContainer/MainContainer"]
margin_top = 92.0
margin_right = 321.0
margin_bottom = 154.0
mouse_filter = 1
custom_styles/hover = SubResource( 2 )
custom_styles/normal = SubResource( 3 )
custom_fonts/font = SubResource( 4 )
custom_colors/font_color = Color( 0.470588, 0.0156863, 0.133333, 1 )
custom_colors/font_color_hover = Color( 0.235294, 0.0588235, 0.00784314, 1 )
shortcut_in_tooltip = false
action_mode = 0
text = "Settings"
flat = true

[node name="Quit" type="Button" parent="Control/ColorRect/VBoxContainer/CenterContainer/MainContainer"]
margin_top = 184.0
margin_right = 321.0
margin_bottom = 246.0
mouse_filter = 1
custom_styles/hover = SubResource( 2 )
custom_styles/normal = SubResource( 3 )
custom_fonts/font = SubResource( 4 )
custom_colors/font_color = Color( 0.470588, 0.0156863, 0.133333, 1 )
custom_colors/font_color_hover = Color( 0.235294, 0.0588235, 0.00784314, 1 )
shortcut_in_tooltip = false
action_mode = 0
text = "Quit"
flat = true

[node name="SettingsContainer" type="VBoxContainer" parent="Control/ColorRect/VBoxContainer/CenterContainer"]
visible = false
margin_left = 305.0
margin_top = 72.0
margin_right = 718.0
margin_bottom = 396.0
alignment = 1

[node name="HBoxContainer" type="HBoxContainer" parent="Control/ColorRect/VBoxContainer/CenterContainer/SettingsContainer"]
margin_right = 413.0
margin_bottom = 258.0

[node name="VolumeLabel" type="Label" parent="Control/ColorRect/VBoxContainer/CenterContainer/SettingsContainer/HBoxContainer"]
margin_right = 304.0
margin_bottom = 258.0
mouse_filter = 1
size_flags_vertical = 1
custom_fonts/font = SubResource( 5 )
custom_colors/font_color = Color( 0.470588, 0.0156863, 0.133333, 1 )
text = "Volume "
align = 1
valign = 1

[node name="VBoxContainer" type="VBoxContainer" parent="Control/ColorRect/VBoxContainer/CenterContainer/SettingsContainer/HBoxContainer"]
margin_left = 308.0
margin_right = 413.0
margin_bottom = 258.0

[node name="VolumeUp" type="TextureButton" parent="Control/ColorRect/VBoxContainer/CenterContainer/SettingsContainer/HBoxContainer/VBoxContainer"]
margin_right = 105.0
margin_bottom = 94.0
mouse_filter = 1
size_flags_horizontal = 4
texture_normal = ExtResource( 2 )
texture_hover = ExtResource( 7 )
stretch_mode = 2
__meta__ = {
"_edit_use_anchors_": false
}

[node name="VolumeValue" type="Label" parent="Control/ColorRect/VBoxContainer/CenterContainer/SettingsContainer/HBoxContainer/VBoxContainer"]
margin_top = 98.0
margin_right = 105.0
margin_bottom = 160.0
mouse_filter = 1
size_flags_vertical = 1
custom_fonts/font = SubResource( 5 )
custom_colors/font_color = Color( 0.470588, 0.0156863, 0.133333, 1 )
text = "3"
align = 1

[node name="VolumeDown" type="TextureButton" parent="Control/ColorRect/VBoxContainer/CenterContainer/SettingsContainer/HBoxContainer/VBoxContainer"]
margin_top = 164.0
margin_right = 105.0
margin_bottom = 258.0
mouse_filter = 1
size_flags_horizontal = 4
texture_normal = ExtResource( 6 )
texture_hover = ExtResource( 3 )
stretch_mode = 2
__meta__ = {
"_edit_use_anchors_": false
}

[node name="Back" type="Button" parent="Control/ColorRect/VBoxContainer/CenterContainer/SettingsContainer"]
margin_top = 262.0
margin_right = 413.0
margin_bottom = 324.0
mouse_filter = 1
custom_styles/hover = SubResource( 2 )
custom_styles/normal = SubResource( 3 )
custom_fonts/font = SubResource( 4 )
custom_colors/font_color = Color( 0.470588, 0.0156863, 0.133333, 1 )
custom_colors/font_color_hover = Color( 0.235294, 0.0588235, 0.00784314, 1 )
shortcut_in_tooltip = false
action_mode = 0
text = "Back"
flat = true
